@phdthesis{gentry2009fully,
  title={A Fully Homomorphic Encryption Scheme},
  author={Gentry, Craig},
  year={2009},
  school={Stanford University}
}


@incollection{dghv,
  title={Fully homomorphic encryption over the integers},
  author={Van Dijk, Marten and Gentry, Craig and Halevi, Shai and Vaikuntanathan, Vinod},
  booktitle={Advances in Cryptology--EUROCRYPT 2010},
  pages={24--43},
  year={2010},
  publisher={Springer}
}

@inproceedings{bgv2011,
  title={({L}eveled) fully homomorphic encryption without bootstrapping},
  author={Brakerski, Zvika and Gentry, Craig and Vaikuntanathan, Vinod},
  booktitle={Proceedings of the 3rd Innovations in Theoretical Computer Science Conference},
  pages={309--325},
  year={2012},
  organization={ACM}
}


@misc{nuida15,
    author = {Koji Nuida},
    title = {Candidate Constructions of Fully Homomorphic Encryption on Finite Simple Groups without Ciphertext Noise},
    howpublished = {Cryptology ePrint Archive, Report 2014/097},
    year = {2014},
    note = {\url{http://eprint.iacr.org/}},
}



@incollection{1998ntru,
  title={{NTRU}: A ring-based public key cryptosystem},
  author={Hoffstein, Jeffrey and Pipher, Jill and Silverman, Joseph H},
  booktitle={Algorithmic number theory},
  pages={267--288},
  year={1998},
  publisher={Springer}
}

@inproceedings{kdmsurvey,
  title={Key dependent message security: recent results and applications},
  author={Malkin, Tal and Teranishi, Isamu and Yung, Moti},
  booktitle={Proceedings of the first ACM conference on Data and application security and privacy},
  pages={3--12},
  year={2011},
  organization={ACM}
}

@inproceedings{micciancio2001linear,
  title={A linear space algorithm for computing the {Hermite} normal form},
  author={Micciancio, Daniele and Warinschi, Bogdan},
  booktitle={Proceedings of the 2001 international symposium on Symbolic and algebraic computation},
  pages={231--236},
  year={2001},
  organization={ACM}
}

@incollection{Khot2010,
  title={Inapproximability results for computational problems on lattices},
  author={Khot, Subhash},
  booktitle={The LLL Algorithm},
  pages={453--473},
  year={2009},
  publisher={Springer}
}


@article{goldreich1999approximating,
  title={Approximating shortest lattice vectors is not harder than approximating closest lattice vectors},
  author={Goldreich, Oded and Micciancio, Daniele and Safra, Shmuel and Seifert, J-P},
  journal={Information Processing Letters},
  volume={71},
  number={2},
  pages={55--61},
  year={1999},
  publisher={Elsevier}
}

@inproceedings{haviv2007tensor,
  title={Tensor-based hardness of the shortest vector problem to within almost polynomial factors},
  author={Haviv, Ishay and Regev, Oded},
  booktitle={Proceedings of the thirty-ninth annual ACM symposium on Theory of computing},
  pages={469--477},
  year={2007},
  organization={ACM}
}

@inproceedings{Ajtaisieve,
 author = {Ajtai, Mikl\'{o}s and Kumar, Ravi and Sivakumar, D.},
 title = {A Sieve Algorithm for the Shortest Lattice Vector Problem},
 booktitle = {Proceedings of the Thirty-third Annual ACM Symposium on Theory of Computing},
 series = {STOC '01},
 year = {2001},
 isbn = {1-58113-349-9},
 location = {Hersonissos, Greece},
 pages = {601--610},
 numpages = {10},
 url = {http://doi.acm.org/10.1145/380752.380857},
 doi = {10.1145/380752.380857},
 acmid = {380857},
 publisher = {ACM},
 address = {New York, NY, USA},
}

@inproceedings{ajtai1996generating,
 author = {Ajtai, M.},
 title = {Generating Hard Instances of Lattice Problems (Extended Abstract)},
 booktitle = {Proceedings of the Twenty-eighth Annual ACM Symposium on Theory of Computing},
 series = {STOC '96},
 year = {1996},
 isbn = {0-89791-785-5},
 location = {Philadelphia, Pennsylvania, USA},
 pages = {99--108},
 numpages = {10},
 url = {http://doi.acm.org/10.1145/237814.237838},
 doi = {10.1145/237814.237838},
 acmid = {237838},
 publisher = {ACM},
 address = {New York, NY, USA},
}

@incollection{circsecurity,
  title={New definitions and separations for circular security},
  author={Cash, David and Green, Matthew and Hohenberger, Susan},
  booktitle={Public Key Cryptography -- PKC 2012},
  pages={540--557},
  year={2012},
  publisher={Springer}
}


@inproceedings{gpvgaussian,
  title={Trapdoors for hard lattices and new cryptographic constructions},
  author={Gentry, Craig and Peikert, Chris and Vaikuntanathan, Vinod},
  booktitle={Proceedings of the fortieth annual ACM symposium on Theory of computing},
  pages={197--206},
  year={2008},
  organization={ACM}
}


@article{smoothing,
 author = {Micciancio, Daniele and Regev, Oded},
 title = {Worst-Case to Average-Case Reductions Based on {Gaussian} Measures},
 journal = {SIAM J. Comput.},
 issue_date = {April 2007},
 volume = {37},
 number = {1},
 month = apr,
 year = {2007},
 issn = {0097-5397},
 pages = {267--302},
 numpages = {36},
 url = {http://dx.doi.org/10.1137/S0097539705447360},
 doi = {10.1137/S0097539705447360},
 acmid = {1328733},
 publisher = {Society for Industrial and Applied Mathematics},
 address = {Philadelphia, PA, USA},
 keywords = {Gaussian measures, lattices, worst-case to average-case reductions},
}

@incollection{gh11implementing,
  title={Implementing {Gentry}'s fully-homomorphic encryption scheme},
  author={Gentry, Craig and Halevi, Shai},
  booktitle={Advances in Cryptology--EUROCRYPT 2011},
  pages={129--148},
  year={2011},
  publisher={Springer}
}


@incollection{Cheon2015,
  title={Fully homomophic encryption over the integers revisited},
  author={Cheon, Jung Hee and Stehl{\'e}, Damien},
  booktitle={Advances in Cryptology -- EUROCRYPT 2015},
  pages={513--536},
  year={2015},
  publisher={Springer}
}

@article{galbraithalgorithms,
  title={Algorithms for the Approximate Common Divisor Problem},
  author={Galbraith, Steven D and Gebregiyorgis, Shishay W and Murphy, Sean}
}

@inproceedings{regev2005,
 author = {Regev, Oded},
 title = {On Lattices, Learning with Errors, Random Linear Codes, and Cryptography},
 booktitle = {Proceedings of the Thirty-seventh Annual ACM Symposium on Theory of Computing},
 series = {STOC '05},
 year = {2005},
 isbn = {1-58113-960-8},
 location = {Baltimore, MD, USA},
 pages = {84--93},
 numpages = {10},
 url = {http://doi.acm.org/10.1145/1060590.1060603},
 doi = {10.1145/1060590.1060603},
 acmid = {1060603},
 publisher = {ACM},
 address = {New York, NY, USA},
 keywords = {computational learning theory, cryptography, lattices, public key encryption, quantum computing, statistical queries},
}

@misc{Peikertsurvey,
    author = {Chris Peikert},
    title = {A Decade of Lattice Cryptography},
    howpublished = {Cryptology ePrint Archive, Report 2015/939},
    year = {2015},
    note = {\url{http://eprint.iacr.org/}},
}

@inproceedings{SV09,
 author = {Smart, N. P. and Vercauteren, F.},
 title = {Fully Homomorphic Encryption with Relatively Small Key and Ciphertext Sizes},
 booktitle = {Proceedings of the 13th International Conference on Practice and Theory in Public Key Cryptography},
 series = {PKC'10},
 year = {2010},
 isbn = {3-642-13012-7, 978-3-642-13012-0},
 location = {Paris, France},
 pages = {420--443},
 numpages = {24},
 url = {http://dx.doi.org/10.1007/978-3-642-13013-7_25},
 doi = {10.1007/978-3-642-13013-7_25},
 acmid = {2163650},
 publisher = {Springer-Verlag},
 address = {Berlin, Heidelberg},
}

@article{SV09-2,
  title={Fully homomorphic {SIMD} operations},
  author={Smart, Nigel P and Vercauteren, Frederik},
  journal={Designs, Codes and Cryptography},
  volume={71},
  number={1},
  pages={57--81},
  year={2014},
  publisher={Springer}
}



@incollection{Stehle2010,
  title={Faster fully homomorphic encryption},
  author={Stehl{\'e}, Damien and Steinfeld, Ron},
  booktitle={Advances in Cryptology-ASIACRYPT 2010},
  pages={377--394},
  year={2010},
  publisher={Springer}
}


@incollection{Coron2011,
  title={Fully homomorphic encryption over the integers with shorter public keys},
  author={Coron, Jean-S{\'e}bastien and Mandal, Avradip and Naccache, David and Tibouchi, Mehdi},
  booktitle={Advances in Cryptology--CRYPTO 2011},
  pages={487--504},
  year={2011},
  publisher={Springer}
}

@incollection{Coron2012,
  title={Public key compression and modulus switching for fully homomorphic encryption over the integers},
  author={Coron, Jean-S{\'e}bastien and Naccache, David and Tibouchi, Mehdi},
  booktitle={Advances in Cryptology--EUROCRYPT 2012},
  pages={446--464},
  year={2012},
  publisher={Springer}
}

@incollection{Cheon2013,
  title={Batch fully homomorphic encryption over the integers},
  author={Cheon, Jung Hee and Coron, Jean-S{\'e}bastien and Kim, Jinsu and Lee, Moon Sung and Lepoint, Tancr{\`e}de and Tibouchi, Mehdi and Yun, Aaram},
  booktitle={Advances in Cryptology -- EUROCRYPT 2013},
  pages={315--335},
  year={2013},
  publisher={Springer}
}

@incollection{Nuida2015,
  title={({B}atch) Fully Homomorphic Encryption over Integers for Non-Binary Message Spaces},
  author={Nuida, Koji and Kurosawa, Kaoru},
  booktitle={Advances in Cryptology--EUROCRYPT 2015},
  pages={537--555},
  year={2015},
  publisher={Springer}
}

@inproceedings{regev2010learning,
  title={The Learning with Errors Problem (Invited Survey)},
  author={Regev, Oded},
  booktitle={Computational Complexity (CCC), 2010 IEEE 25th Annual Conference on},
  pages={191--204},
  year={2010},
  organization={IEEE}
}

@inproceedings{bv2011,
 author = {Brakerski, Zvika and Vaikuntanathan, Vinod},
 title = {Efficient Fully Homomorphic Encryption from (Standard) {{LWE}}},
 booktitle = {Proceedings of the 2011 IEEE 52nd Annual Symposium on Foundations of Computer Science},
 series = {FOCS '11},
 year = {2011},
 isbn = {978-0-7695-4571-4},
 pages = {97--106},
 numpages = {10},
 url = {http://dx.doi.org/10.1109/FOCS.2011.12},
 doi = {10.1109/FOCS.2011.12},
 acmid = {2082933},
 publisher = {IEEE Computer Society},
 address = {Washington, DC, USA},
 keywords = {Fully Homomorphic Encryption, Lattices, Learning with Errors},
}


@inproceedings{Peikert09,
 author = {Peikert, Chris},
 title = {Public-key Cryptosystems from the Worst-case Shortest Vector Problem: Extended Abstract},
 booktitle = {Proceedings of the Forty-first Annual ACM Symposium on Theory of Computing},
 series = {STOC '09},
 year = {2009},
 isbn = {978-1-60558-506-2},
 location = {Bethesda, MD, USA},
 pages = {333--342},
 numpages = {10},
 url = {http://doi.acm.org/10.1145/1536414.1536461},
 doi = {10.1145/1536414.1536461},
 acmid = {1536461},
 publisher = {ACM},
 address = {New York, NY, USA},
 keywords = {cryptography, lattices},
}

@incollection{MM2011,
  title={Pseudorandom knapsacks and the sample complexity of {LWE} search-to-decision reductions},
  author={Micciancio, Daniele and Mol, Petros},
  booktitle={Advances in Cryptology--CRYPTO 2011},
  pages={465--484},
  year={2011},
  publisher={Springer}
}

@incollection{b12,
  title={Fully homomorphic encryption without modulus switching from classical {GapSVP}},
  author={Brakerski, Zvika},
  booktitle={Advances in Cryptology -- CRYPTO 2012},
  pages={868--886},
  year={2012},
  publisher={Springer}
}


@incollection{MP12,
  title={Trapdoors for lattices: Simpler, tighter, faster, smaller},
  author={Micciancio, Daniele and Peikert, Chris},
  booktitle={Advances in Cryptology--EUROCRYPT 2012},
  pages={700--718},
  year={2012},
  publisher={Springer}
}


@article{rlwe2013,
  title={On ideal lattices and learning with errors over rings},
  author={Lyubashevsky, Vadim and Peikert, Chris and Regev, Oded},
  journal={Journal of the ACM (JACM)},
  volume={60},
  number={6},
  pages={43},
  year={2013},
  publisher={ACM}
}

@inproceedings{gsw,
  title={Homomorphic Encryption from Learning with Errors: Conceptually-Simpler, Asymptotically-Faster, Attribute-Based},
  booktitle={CRYPTO},
  publisher={Springer},
  pages={75-92},
  doi={10.1007/978-3-642-40041-4_5},
  author={Craig Gentry and Amit Sahai and Brent Waters},
  year=2013
}

@inproceedings{bv14,
 author = {Brakerski, Zvika and Vaikuntanathan, Vinod},
 title = {Lattice-based {FHE} As Secure As {PKE}},
 booktitle = {Proceedings of the 5th Conference on Innovations in Theoretical Computer Science},
 series = {ITCS '14},
 year = {2014},
 isbn = {978-1-4503-2698-8},
 location = {Princeton, New Jersey, USA},
 pages = {1--12},
 numpages = {12},
 url = {http://doi.acm.org/10.1145/2554797.2554799},
 doi = {10.1145/2554797.2554799},
 acmid = {2554799},
 publisher = {ACM},
 address = {New York, NY, USA},
 keywords = {cryptography, fully homomorphic encryption, lattice based cryptography, public key encryption},
}

@inproceedings{Barrington,
 author = {Barrington, D. A.},
 title = {Bounded-width Polynomial-size Branching Programs Recognize Exactly Those Languages in {NC}1},
 booktitle = {Proceedings of the Eighteenth Annual ACM Symposium on Theory of Computing},
 series = {STOC '86},
 year = {1986},
 isbn = {0-89791-193-8},
 location = {Berkeley, California, USA},
 pages = {1--5},
 numpages = {5},
 url = {http://doi.acm.org/10.1145/12130.12131},
 doi = {10.1145/12130.12131},
 acmid = {12131},
 publisher = {ACM},
 address = {New York, NY, USA},
}

@incollection{A2014,
  title={Faster bootstrapping with polynomial error},
  author={Alperin-Sheriff, Jacob and Peikert, Chris},
  booktitle={Advances in Cryptology -- CRYPTO 2014},
  pages={297--314},
  year={2014},
  publisher={Springer}
}


@incollection{Gentry2012,
  title={Fully homomorphic encryption with polylog overhead},
  author={Gentry, Craig and Halevi, Shai and Smart, Nigel P},
  booktitle={Advances in Cryptology--EUROCRYPT 2012},
  pages={465--482},
  year={2012},
  publisher={Springer}
}

@incollection{ghsbootstrap,
  title={Better bootstrapping in fully homomorphic encryption},
  author={Gentry, Craig and Halevi, Shai and Smart, Nigel P},
  booktitle={Public Key Cryptography--PKC 2012},
  pages={1--16},
  year={2012},
  publisher={Springer}
}


@misc{rlweattacks,
    author = {Yara Elias and Kristin E. Lauter and Ekin Ozman and Katherine E. Stange},
    title = {Ring-{LWE} Cryptography for the Number Theorist},
    howpublished = {Cryptology ePrint Archive, Report 2015/758},
    year = {2015},
    note = {\url{http://eprint.iacr.org/}},
}

@misc{peikertrlwe,
    author = {Chris Peikert},
    title = {How (Not) to Instantiate Ring-{LWE}},
    howpublished = {Cryptology ePrint Archive, Report 2016/351},
    year = {2016},
    note = {\url{http://eprint.iacr.org/}},
}

@incollection{Orsini2015,
  title={Bootstrapping {BGV} ciphertexts with a wider choice of $p$ and $q$},
  author={Orsini, Emmanuela and van de Pol, Joop and Smart, Nigel P},
  booktitle={Public-Key Cryptography--PKC 2015},
  pages={673--698},
  year={2015},
  publisher={Springer}
}


@inproceedings{bvpractical,
 author = {Naehrig, Michael and Lauter, Kristin and Vaikuntanathan, Vinod},
 title = {Can Homomorphic Encryption Be Practical?},
 booktitle = {Proceedings of the 3rd ACM Workshop on Cloud Computing Security Workshop},
 series = {CCSW '11},
 year = {2011},
 isbn = {978-1-4503-1004-8},
 location = {Chicago, Illinois, USA},
 pages = {113--124},
 numpages = {12},
 url = {http://doi.acm.org/10.1145/2046660.2046682},
 doi = {10.1145/2046660.2046682},
 acmid = {2046682},
 publisher = {ACM},
 address = {New York, NY, USA},
 keywords = {fully homomorphic encryption, lattices, magma, ring learning with errors},
}

@incollection{Halevi2014,
  title={Algorithms in {HE}lib},
  author={Halevi, Shai and Shoup, Victor},
  booktitle={Advances in Cryptology--CRYPTO 2014},
  pages={554--571},
  year={2014},
  publisher={Springer}
}


@incollection{Halevi2015,
  title={Bootstrapping for {HE}lib},
  author={Halevi, Shai and Shoup, Victor},
  booktitle={Advances in Cryptology--EUROCRYPT 2015},
  pages={641--670},
  year={2015},
  publisher={Springer}
}

@incollection{Ducas2015,
  title={FHEW: Bootstrapping homomorphic encryption in less than a second},
  author={Ducas, L{\'e}o and Micciancio, Daniele},
  booktitle={Advances in Cryptology--EUROCRYPT 2015},
  pages={617--640},
  year={2015},
  publisher={Springer}
}


@article{rivest1978data,
  title={On data banks and privacy homomorphisms},
  author={Rivest, Ronald L and Adleman, Len and Dertouzos, Michael L},
  journal={Foundations of Secure Computation},
  volume={4},
  number={11},
  pages={169--180},
  year={1978},
  publisher={Citeseer}
}


@article{rivest1978method,
  title={A method for obtaining digital signatures and public-key cryptosystems},
  author={Rivest, Ronald L and Shamir, Adi and Adleman, Len},
  journal={Communications of the ACM},
  volume={21},
  number={2},
  pages={120--126},
  year={1978},
  publisher={ACM}
}

@inproceedings{elgamal1984public,
  title={A public key cryptosystem and a signature scheme based on discrete logarithms},
  author={ElGamal, Taher},
  booktitle={Advances in Cryptology},
  pages={10--18},
  year={1984},
  organization={Springer}
}

@inproceedings{Paillier1999,
  title={Public-key cryptosystems based on composite degree residuosity classes},
  author={Paillier, Pascal},
  booktitle={Advances in Cryptology--EUROCRYPT '99},
  pages={223--238},
  year={1999},
  organization={Springer}
}


@inproceedings{Damgard,
 author = {Damg{\aa}rd, Ivan and Jurik, Mats},
 title = {A Generalisation, a Simplification and Some Applications of {Paillier}'s Probabilistic Public-Key System},
 booktitle = {Proceedings of the 4th International Workshop on Practice and Theory in Public Key Cryptography: Public Key Cryptography},
 series = {PKC '01},
 year = {2001},
 isbn = {3-540-41658-7},
 pages = {119--136},
 numpages = {18},
 url = {http://dl.acm.org/citation.cfm?id=648118.746742},
 acmid = {746742},
 publisher = {Springer-Verlag},
 address = {London, UK, UK},
}

@inproceedings{chaosgentry,
  title={Computing on the Edge of Chaos: Structure and Randomness in Encrypted Computation.},
  author={Gentry, Craig},
  booktitle={Electronic Colloquium on Computational Complexity (ECCC)},
  volume={21},
  pages={106},
  year={2014}
}


@inproceedings{vaikuntanathan2011computing,
  title={Computing blindfolded: New developments in fully homomorphic encryption},
  author={Vaikuntanathan, Vinod},
  booktitle={Foundations of Computer Science (FOCS), 2011 IEEE 52nd Annual Symposium on},
  pages={5--16},
  year={2011},
  organization={IEEE}
}

@article{haastad1999pseudorandom,
  title={A pseudorandom generator from any one-way function},
  author={H{\aa}stad, Johan and Impagliazzo, Russell and Levin, Leonid A and Luby, Michael},
  journal={SIAM Journal on Computing},
  volume={28},
  number={4},
  pages={1364--1396},
  year={1999},
  publisher={SIAM}
}

@inproceedings{ILL,
 author = {Impagliazzo, R. and Levin, L. A. and Luby, M.},
 title = {Pseudo-random Generation from One-way Functions},
 booktitle = {Proceedings of the Twenty-first Annual ACM Symposium on Theory of Computing},
 series = {STOC '89},
 year = {1989},
 isbn = {0-89791-307-8},
 location = {Seattle, Washington, USA},
 pages = {12--24},
 numpages = {13},
 url = {http://doi.acm.org/10.1145/73007.73009},
 doi = {10.1145/73007.73009},
 acmid = {73009},
 publisher = {ACM},
 address = {New York, NY, USA},
}

@incollection{Canetti2015,
  title={Obfuscation of probabilistic circuits and applications},
  author={Canetti, Ran and Lin, Huijia and Tessaro, Stefano and Vaikuntanathan, Vinod},
  booktitle={Theory of Cryptography},
  pages={468--497},
  year={2015},
  publisher={Springer}
}


@inproceedings{Goldreich87,
 author = {Goldreich, O. and Micali, S. and Wigderson, A.},
 title = {How to Play ANY Mental Game},
 booktitle = {Proceedings of the Nineteenth Annual ACM Symposium on Theory of Computing},
 series = {STOC '87},
 year = {1987},
 isbn = {0-89791-221-7},
 location = {New York, New York, USA},
 pages = {218--229},
 numpages = {12},
 url = {http://doi.acm.org/10.1145/28395.28420},
 doi = {10.1145/28395.28420},
 acmid = {28420},
 publisher = {ACM},
 address = {New York, NY, USA},
}

@inproceedings{sgx,
 author = {McKeen, Frank and Alexandrovich, Ilya and Berenzon, Alex and Rozas, Carlos V. and Shafi, Hisham and Shanbhogue, Vedvyas and Savagaonkar, Uday R.},
 title = {Innovative Instructions and Software Model for Isolated Execution},
 booktitle = {Proceedings of the 2Nd International Workshop on Hardware and Architectural Support for Security and Privacy},
 series = {HASP '13},
 year = {2013},
 isbn = {978-1-4503-2118-1},
 location = {Tel-Aviv, Israel},
 pages = {10:1--10:1},
 articleno = {10},
 numpages = {1},
 url = {http://doi.acm.org/10.1145/2487726.2488368},
 doi = {10.1145/2487726.2488368},
 acmid = {2488368},
 publisher = {ACM},
 address = {New York, NY, USA},
}

@misc{wood2014ethereum,
  title={Ethereum: A secure decentralised generalised transaction ledger},
  author={Wood, Gavin},
  note = {\url{http://gavwood.com/paper.pdf}},
  year = {2014},
}

@misc{rational,
    author = {HeeWon Chung and Myungsun Kim},
    title = {Encoding Rational Numbers for {FHE}-based Applications},
    howpublished = {Cryptology ePrint Archive, Report 2016/344},
    year = {2016},
    note = {\url{http://eprint.iacr.org/}},
}

@misc{duckduckgo,
  author = {DuckDuckGo},
  title = {Privacy Policy},
  howpublished = {\url{https://duckduckgo.com/privacy}},
  note = {Accessed: 2016-04-16}
}

@incollection{Devadas2016,
  title={Onion {ORAM}: A constant bandwidth blowup {O}blivious {RAM}},
  author={Devadas, Srinivas and van Dijk, Marten and Fletcher, Christopher W and Ren, Ling and Shi, Elaine and Wichs, Daniel},
  booktitle={Theory of Cryptography},
  pages={145--174},
  year={2016},
  publisher={Springer}
}

@inproceedings{Stefanov,
  title={Path {ORAM}: an extremely simple {O}blivious {RAM} protocol},
  author={Stefanov, Emil and Van Dijk, Marten and Shi, Elaine and Fletcher, Christopher and Ren, Ling and Yu, Xiangyao and Devadas, Srinivas},
  booktitle={Proceedings of the 2013 ACM SIGSAC conference on Computer \& communications security},
  pages={299--310},
  year={2013},
  organization={ACM}
}

@misc{choenfphe,
    author = {Jung Hee Cheon, Andrey Kim, Miran Kim, and Yongsoo Song},
    title = {Floating-Point Homomorphic Encryption},
    howpublished = {Cryptology ePrint Archive, Report 2016/421},
    year = {2016},
    note = {\url{http://eprint.iacr.org/}},
}
